@article{Rana22,
  author={Rana, Md Shohel and Nobi, Mohammad Nur and Murali, Beddhu and Sung, Andrew H.},
  journal={IEEE Access}, 
  title={Deepfake Detection: A Systematic Literature Review}, 
  year={2022},
  volume={10},
  pages={25494-25513},
  keywords={Videos;Information integrity;Measurement;Faces;Deep learning;Computational modeling;Web pages;Deepfake detection;video or image manipulation;digital media forensics;systematic literature review},
  doi={10.1109/ACCESS.2022.3154404}
}

@article{Irwin_2015, 
  title={Why Sleep Is Important for Health: A Psychoneuroimmunology Perspective}, 
  volume={66}, 
  url={https://doi.org/10.1146/annurev-psych-010213-115205}, 
  DOI={10.1146/annurev-psych-010213-115205}, 
  number={1}, 
  journal={Annual Review of Psychology}, 
  author={Irwin, Michael R.}, 
  year={2015}, 
  month={Jan}, 
  pages={143–172} 
}

@article{Wu_Tao_Zhang_Zhang_Tao_2015, 
  title={Low Physical Activity and High Screen Time Can Increase the Risks of Mental Health Problems and Poor Sleep Quality Among Chinese College Students}, 
  volume={10},
  url={https://doi.org/10.1371/journal.pone.0119607}, 
  DOI={10.1371/journal.pone.0119607}, 
  number={3}, 
  journal={PLOS ONE}, 
  author={Wu, Xiaoyan and Tao, Shuman and Zhang, Yukun and Zhang, Shichen and Tao, Fangbiao}, 
  year={2015}, 
  month={Mar} 
}

@article{Wang_Biro_2021, 
  title={Determinants of Sleep Quality in College Students: A Literature Review}, 
  volume={17}, 
  url={https://doi.org/10.1016/j.explore.2020.11.003}, 
  DOI={10.1016/j.explore.2020.11.003}, 
  number={2}, 
  journal={EXPLORE}, 
  author={Wang, Feifei and Biro, Eva}, 
  year={2021}, 
  month={Mar}, 
  pages={170–177} 
}

@article{Kohyama2021,
  author={Kohyama, Jun},
  title={Which Is More Important for Health: Sleep Quantity or Sleep Quality?},
  journal={Children},
  volume={8},
  number={7},
  pages={542},
  year={2021},
  doi={10.3390/children8070542},
  url={https://www.mdpi.com/2227-9067/8/7/542},
  publisher={MDPI},
  note={Academic Editor: Stijn Verhulst}
}

@article{Cinel2020,
  author={Cinel, G. and Tarim, E. A. and Tekin, H. C.},
  title={Wearable Respiratory Rate Sensor Technology for Diagnosis of Sleep Apnea},
  booktitle={2020 Medical Technologies Congress (TIPTEKNO)},
  journal={IEEE},
  year={2020},
  pages={1-4},
  address={Antalya, Turkey},
  doi={10.1109/TIPTEKNO50054.2020.9299255},
  url={https://ieeexplore.ieee.org/document/9299255},
  keywords={Sleep apnea; Monitoring; Wearable sensors; Temperature measurement; Patient monitoring; Biomedical monitoring; Accelerometers; Sleep apnea; Respiratory rate monitoring; Wearable sensor technology}
}

@article{Gamel2024,
  author={Gamel, S.A. and Talaat, F.M.},
  title={SleepSmart: An IoT-Enabled Continual Learning Algorithm for Intelligent Sleep Enhancement},
  journal={Neural Computing and Applications},
  volume={36},
  pages={4293--4309},
  year={2024},
  doi={10.1007/s00521-023-09310-5},
  url={https://doi.org/10.1007/s00521-023-09310-5}
}

@article{Dolezal_2017,
  author={Dolezal, Brett A. and Neufeld, Eric V. and Boland, David M. and Martin, Jennifer L. and Cooper, Christopher B.},
  title={Interrelationship Between Sleep and Exercise: A Systematic Review},
  journal={Advances in Preventive Medicine},
  volume={2017},
  pages={1364387},
  doi={https://doi.org/10.1155/2017/1364387},
  url={https://onlinelibrary.wiley.com/doi/abs/10.1155/2017/1364387},
  year={2017}
}

@article{wennman2014physical,
  title={Physical Activity and Sleep Profiles in Finnish Men and Women},
  author={Wennman, Heini and Kronholm, Erkki and Partonen, Timo and Tolvanen, Asko and Peltonen, Markku and Vasankari, Tommi and Borodulin, Katja},
  journal={BMC Public Health},
  volume={14},
  pages={1--10},
  year={2014},
  publisher={Springer}
}

@misc{precision_score,
  title={Precision Score},
  author={{Scikit-learn Developers}},
  howpublished={\url{https://scikit-learn.org/stable/modules/generated/sklearn.metrics.precision_score.html}},
  note={Accessed: 2024-10-25},
  year={2022}
}

@misc{accuracy_score,
  title={Accuracy Score},
  author={{Scikit-learn Developers}},
  howpublished={\url{https://scikit-learn.org/stable/modules/generated/sklearn.metrics.accuracy_score.html}},
  note={Accessed: 2024-10-25},
  year={2022}
}

@misc{recall_score,
  title={Recall Score},
  author={{Scikit-learn Developers}},
  howpublished={\url{https://scikit-learn.org/stable/modules/generated/sklearn.metrics.recall_score.html}},
  note={Accessed: 2024-10-25},
  year={2022}
}

@misc{sklearn_f1_score,
  author={{Scikit-learn Developers}},
  title={F1 Score},
  howpublished={\url{https://scikit-learn.org/1.5/modules/generated/sklearn.metrics.f1_score.html}},
  note={Accessed: 2024-10-25},
  year={2023}
}@article{adam2016bdi,
  title={BDI agents in social simulations: a survey},
  author={Adam, Carole and Gaudou, Benoit},
  journal={The Knowledge Engineering Review},
  volume={31},
  number={3},
  pages={207--238},
  year={2016},
  publisher={Cambridge University Press}
}